<?xml version="1.0" encoding="UTF-8"?><collection xmlns="http://www.loc.gov/MARC21/slim"><record><leader>00342nam--2200133-i-4500</leader><controlfield tag="001">000047860</controlfield><controlfield tag="002">20161230</controlfield><controlfield tag="005">20161230201046</controlfield><controlfield tag="008">060222s1000------------r-----000-0-eng-d</controlfield><datafield ind1=" " ind2=" " tag="080"><subfield code="a">87.621.391:621.375</subfield></datafield><datafield ind1=" " ind2=" " tag="100"><subfield code="a">Yu, Francis T.S</subfield></datafield><datafield ind1=" " ind2=" " tag="245"><subfield code="a">Optics and informatio theory</subfield></datafield><datafield ind1=" " ind2=" " tag="260"><subfield code="a">New York, John Wiley &amp; Sons, 1976, Xi+203p</subfield></datafield><datafield ind1=" " ind2=" " tag="852"><subfield code="a">45148</subfield></datafield></record></collection>